@inproceedings{clarkson:1994,
  title={More output-sensitive geometric algorithms},
  author={Clarkson, Kenneth L},
  booktitle={Foundations of Computer Science, 1994 Proceedings., 35th Annual Symposium on},
  pages={695--702},
  year={1994},
  organization={IEEE}
}

@MISC{fukuda:2015,
author={Fukuda, Komei},
title={Lecture: Polyhedral Computation, Spring 2015},
year={2015},
HOWPUBLISHED={\href{http://www-oldurls.inf.ethz.ch/personal/fukudak/lect/pclect/notes2015/PolyComp2015.pdf}},
}

@article{fukuda:2014,
  title={Combinatorial Redundancy Detection},
  author={Fukuda, Komei and G{\"a}rtner, Bernd and Szedl{\'a}k, May},
  journal={arXiv preprint arXiv:1412.1241},
  year={2014}
}
